@MISC{VM_History, title={Everything VM},
	  note = {\url{http://www.everythingvm.com/}}, 
	 journal={Everything VM | Storage and Virtualization is what we do}
}

@MISC{introtousevirtualization, 
	title={an introduction to virtualization},  
	note = {\url{ttp://www.kernelthread.com/publications/virtualization/}}, 
	journal={An Introduction to Virtualization}
}

@MISC{reasonstousevirtualization,
	title={Reasons to Use Virtualization},
	 note = {\url{https://docs.oracle.com/cd/E26996_01/E18549/html/BHCJAIHJ.html}},
	 journal={1.2. Reasons to Use Virtualization}
}
@misc{hypervisor1, title={Understanding Full Virtualization, Paravirtualization, and Hardware Assist}, note = {\url{https://www.vmware.com/techpapers/2007/understanding-full-virtualization-paravirtualizat-1008.html}}, journal={VMware Virtualization for Desktop & Server, Application, Public & Hybrid Clouds}, year={2017}, month={Jun}}
@article{hypervisor2,
	title={Virtualization Basics: Understanding Techniques and Fundamentals},
	author={Lee, Hyungro}
}
@article{popek_goldberg_1973, title={Formal requirements for virtualizable third generation architectures}, DOI={10.1145/800009.808061}, journal={Proceedings of the fourth symposium on Operating system principles - SOSP 73}, author={Popek, Gerald J. and Goldberg, Robert P.}, year={1973}}
@misc{searchservervirtualization, title={What's the difference between Type 1 and Type 2 hypervisors?}, url={http://searchservervirtualization.techtarget.com/feature/Whats-the-difference-between-Type-1-and-Type-2-hypervisors}, journal={SearchServerVirtualization}}

@inproceedings{younge2011analysis,
	title={Analysis of virtualization technologies for high performance computing environments},
	author={Younge, Andrew J and Henschel, Robert and Brown, James T and Von Laszewski, Gregor and Qiu, Judy and Fox, Geoffrey C},
	booktitle={Cloud Computing (CLOUD), 2011 IEEE International Conference on},
	pages={9--16},
	year={2011},
	organization={IEEE}
}
@misc{players, title={Top 10 Virtualization Technology Companies for 2016},  note = {\url{http://www.serverwatch.com/server-trends/slideshows/top-10-virtualization-technology-companies-for-2016.html}}, journal={ServerWatch}}
@article{koopman1990design,
	title={Design constraints on embedded real time control systems},
	author={Koopman, Philip},
	year={1990}
}

@book{heath_2005, place={Oxford}, title={Embedded systems design}, publisher={Newnes}, author={Heath, Steve}, year={2005}}

@article{aguiar_hessel_2010, title={Embedded systems virtualization: The next challenge?}, DOI={10.1109/rsp.2010.5656430}, journal={Proceedings of 2010 21st IEEE International Symposium on Rapid System Protyping}, author={Aguiar, Alexandra and Hessel, Fabiano}, year={2010}}

@misc{ibm, title={Virtualization for embedded systems}, te = {\url{https://www.ibm.com/developerworks/library/l-embedded-virtualization/index.html}}, journal={IBM - United States}, year={2011}, month={Apr}}

@misc{wikipedia_2017, title={ARM architecture}, note = {\url{https://en.wikipedia.org/wiki/ARM_architecture}}, journal={Wikipedia}, publisher={Wikimedia Foundation}, year={2017}, month={Sep}}

@MISC{ARM, 
	title={Architecture Arm Developer}, 
	note = {\url{https://developer.arm.com/products/architecture}}, 
	journal={ARM Developer}, 
	author={ARM}}

@misc{arm_information_center,
	 note = {\url{http://infocenter.arm.com/help/index.jsp?topic=%2Fcom.arm.doc.dui0379c%2FCHDEDCCD.html}}, journal={ARM Information Center}}
	
@misc{armv8, title={arm architecture reference manual armv8 for armv8-a architecture profile Beta}, publisher={ARM Limited}, year={2013}, month={Sep}, note = {\url{https://yurichev.com/mirrors/ARMv8-A_Architecture_Reference_Manual_(Issue_A.a).pdf}}}

@misc{cortexA53, title={ARM Cortex-A53 MPCore Processor Revision: r0p4},  publisher={ARM Limited}, 
year={2013}, month={Feb}, note={\url{http://infocenter.arm.com/help/topic/com.arm.doc.ddi0500g/DDI0500G_cortex_a53_trm.pdf}}}


@misc{mmu, note={\url{http://infocenter.arm.com/help/index.jsp?topic=%2Fcom.arm.doc.den0024a%2FCDDEIJCH.html}}, journal={ARM Information Center}}

@misc{translation,note={ \url{http://infocenter.arm.com/help/index.jsp?topic=%2Fcom.arm.doc.den0024a%2Fch12s04.html}}, journal={ARM Information Center}}

@misc{ARM_VE, title={Virtualization is Coming to a Platform Near You}, publisher={ARM Limited}, note={\url{https://www.arm.com/files/pdf/System-MMU-Whitepaper-v8.0.pdf}}, author={Mijat, Roberto and Nightingale, Andy}}

@article{dall_li_lim_nieh_koloventzos_2016, title={ARM virtualization}, volume={44}, note={\url{http://www.cs.columbia.edu/~cdall/pubs/isca2016-dall.pdf}}, DOI={10.1145//3007787.3001169}, number={3}, journal={ACM SIGARCH Computer Architecture News}, author={Dall, Christoffer and Li, Shih-Wei and Lim, Jin Tack and Nieh, Jason and Koloventzos, Georgios}, year={2016}, pages={304–316}}

@misc{opensynergy, title={OpenSynergy}, note={\url{http://www.opensynergy.com/produkte/coqos/}}, journal={COQOS SDK - Modulares Software-Framework für Infotainment und Connectivity-Systeme: OpenSynergy}}

@misc{Jan, title={Design and provability of a statically configurable hypervisor}, note={\url{https://depositonce.tu-berlin.de/handle/11303/6388}}, journal={DepositOnce}, author={Nordholz, Jan}, year={2017}, month={Jun}}

@misc{xen, title={Xen Project Software Overview}, note={\url{https://wiki.xenproject.org/wiki/Xen_Project_Software_Overview}}, journal={Xen Project Software Overview - Xen}}

@misc{xen_wiki, title={Xen}, note={\url{https://en.wikipedia.org/wiki/Xen}}, journal={Wikipedia}, publisher={Wikimedia Foundation}, year={2017}, month={Oct}}


@misc{xen_news, title={Xen becomes a Linux Foundation project}, note={\url{http://www.zdnet.com/article/xen-becomes-a-linux-foundation-project/}}, journal={ZDNet}, publisher={ZDNet}, author={Vaughan-Nichols, Steven J.}, year={2015}, month={Dec}}

@article{wang2010dynamic,
	title={Dynamic memory paravirtualization transparent to guest OS},
	author={Wang, XiaoLin and Sun, YiFeng and Luo, YingWei and Wang, ZhenLin and Li, Yu and Zhang, BinBin and Chen, HaoGang and Li, XiaoMing},
	journal={Science China Information Sciences},
	volume={53},
	number={1},
	pages={77--88},
	year={2010},
	publisher={Springer}
}
@misc{xen_arm, title={Xen ARM with Virtualization Extensions whitepaper}, note={\url{https://wiki.xen.org/wiki/Xen_ARM_with_Virtualization_Extensions_whitepaper}}, journal={Xen ARM with Virtualization Extensions whitepaper - Xen}}

@misc{xen_release, title={Xen Project Release Features}, note={\url{https://wiki.xenproject.org/wiki/Xen_Project_Release_Features}}, publisher={Xen.org, XenSource, Citrix Systems, Inc}, year={2017}, month={Aug}}

@misc{xen_slides, title={Linaro connect : Introduction to Xen on ARM}, note={\url{https://www.slideshare.net/xen_com_mgr/linaro-connect-xen-on-arm-update?qid=d094f87d-20d7-4577-a884-7d749bf666d1&v=&b=&from_search=10}}, journal={LinkedIn SlideShare}, author={The Linux Foundation Follow}, year={2013}, month={Mar}}

@book{xen_book, place={Place of publication not identified}, title={Definitive guide to the xen hypervisor}, publisher={Prentice Hall}, author={Chisnall, David}, year={2013}}

@misc{xen_events, title={Event Channel Internals}, note={\url{https://wiki.xen.org/wiki/Event_Channel_Internals}}, publisher={Xen.org, XenSource, Citrix Systems, Inc}, year={2014}, month={Sept}}

@misc{events_slide, title={XPDS13: "Unlimited" Event Channels - David Vrabel, Citrix}, note={\url{https://pt.slideshare.net/xen_com_mgr/unlimited-eventchannels}}, journal={LinkedIn SlideShare}, author={The Linux Foundation Seguir}}

@misc{xenstore, title={XenStore},note={\url{https://wiki.xen.org/wiki/XenStore}}, ublisher={Xen.org, XenSource, Citrix Systems, Inc}, year={2015}, month={Feb}}


@misc{xl, title={XL},note={\url{https://wiki.xenproject.org/wiki/XL}}, ublisher={Xen.org, XenSource, Citrix Systems, Inc}, year={2016}, month={Nov}}

@misc{xenstore_ref, title={XenStore Reference},note={\url{https://wiki.xen.org/wiki/XenStore_Reference}}, ublisher={Xen.org, XenSource, Citrix Systems, Inc}, year={2015}, month={Feb}}

@misc{Xenbus, title={XenBus},note={\url{https://wiki.xen.org/wiki/XenBus}}, ublisher={Xen.org, XenSource, Citrix Systems, Inc}, year={2014}, month={june}}

@inproceedings{cho2007sharing,
	title={Sharing data between processes running on different domains in para-virtualized xen},
	author={Cho, Yun Chan and Jeon, Jae Wook},
	booktitle={Control, Automation and Systems, 2007. ICCAS'07. International Conference on},
	pages={1255--1260},
	year={2007},
	organization={IEEE}
}
@misc{hikey, title={HiKey (LeMaker version) General | Specification | Quick Start | Wiki | FAQ | Resources}, note={\url{http://www.lemaker.org/product-hikey-specification.html}}, journal={HiKey (LeMaker version) specifications | LeMaker Single Board Computers Community}}

@misc{96boards_2016, title={96boards/linux}, note={\url{https://github.com/96boards/linux/tree/android-hikey-linaro-4.1}}, journal={GitHub}, author={96boards}, year={2016}, month={Jan}}


@misc{linux4_11, note={\url{https://www.kernel.org/pub/linux/kernel/v4.x/testing/}}, journal={Index of /pub/linux/kernel/v4.x/testing/}}
@misc{xengit, note={\url{http://xenbits.xen.org/gitweb/?p=xen.git;a=commit;h=2831f2099b6175384817d7afd952f7918998b39a}}}

@misc{smp,
	author = {{Michal Simek}},
	title = {The official Linux kernel from Xilinx - Merge tag 'v4.9' into master},
	version = {4.9},
	date = {2017-01-24},
	note={\url{https://github.com/Xilinx/linux-xlnx/blob/master/arch/arm/kernel/smp.c}},
}
